@book{bloom1969taxonomy,
     title={Taxonomy of Educational Objectives: The Classification of Educational Goals: By a Committee of College and University Examiners: Handbook 1},
     author={Bloom, Benjamin S and Engelhart, Max D},
     year={1969},
     publisher={David McKay}
}

@article{calvert_crossmodal_1998,
	title = {Crossmodal identification},
	volume = {2},
	issn = {1364-6613},
	doi = {10.1016/S1364-6613(98)01189-9},
	number = {7},
	journal = {Trends in Cognitive Sciences},
	author = {Calvert, Gemma A and Brammer, Michael J and Iversen, Susan D},
	month = jul,
	year = {1998},
	keywords = {audioâ€“visual, crossmodal, functional neuroimaging, sensory perception},
	pages = {247--253}
}

@article{carbonneau_meta-analysis_2013,
	title = {A meta-analysis of the efficacy of teaching mathematics with concrete manipulatives.},
	volume = {105},
	issn = {1939-2176, 0022-0663},
	doi = {10.1037/a0031084},
	language = {en},
	number = {2},
	journal = {Journal of Educational Psychology},
	author = {Carbonneau, Kira J. and Marley, Scott C. and Selig, James P.},
	year = {2013},
	pages = {380--400}
}

@book{Corbin2008,
    author={Corbin,Juliet M. and Strauss,Anselm L.},
    year={2008},
    title={Basics of qualitative research: techniques and procedures for developing grounded theory},
    publisher={Sage Publications},
%    address={Los Angeles, Calif},
    edition={3rd},
    keywords={Statistical methods; Grounded theory; Social sciences; SOCIAL SCIENCE; Methodology},
    isbn={141290644X;9781412906449;9781412906432;1412906431;},
    language={English},
}

@book{dourish_where_2004,
	title = {Where the action is: the foundations of embodied interaction},
	author = {Dourish, Paul},
	publisher={MIT Press},
	year = {2004}
}

@article{glenberg_activity_2004,
	title = {Activity and {Imagined} {Activity} {Can} {Enhance} {Young} {Children}'s {Reading} {Comprehension}.},
	volume = {96},
	journal = {Journal of Educational Psychology},
	author = {Glenberg, Arthur M. and Gutierrez, Tiana and Levin, Joel R. and Japuntich, Sandra and Kaschak, Michael P.},
	year = {2004},
	pages = {424}
}

@article{johnson_conceptual_2002,
   Author = {Johnson, Jeff and Henderson, Austin},
   Title = {Conceptual models: begin by designing what to design},
   Journal = {Interactions},
   Volume = {9},
   Number = {1},
   Pages = {25-32},
      Year = {2002} }



@article{maloney2010,
   Author = {Maloney, John and Resnick, Mitchel and Rusk, Natalie and Silverman, Brian and Eastmond, Evelyn},
   Title = {The Scratch Programming Language and Environment},
   Journal = {Trans. Comput. Educ.},
   Volume = {10},
   Number = {4},
   Pages = {1-15},
    Year = {2010} 
}

@article{martin_physically_2005,
	title = {Physically distributed learning: {Adapting} and reinterpreting physical environments in the development of fraction concepts},
	volume = {29},
	shorttitle = {Physically distributed learning},
	number = {4},
	journal = {Cognitive science},
	author = {Martin, Taylor and Schwartz, Daniel L.},
	year = {2005},
	pages = {587--625}
}

@article{martinez_2016,
author = {{Orta Martinez}, M and Moriomoto, T and Taylor, A and Barron, A and Pultorak, J and Wang, J and Calasanz-Kaiser, A and Davis, R.* and Blikstein, P and Okamura, A},
journal = {Haptics Symposium},
year = {2016},
title = {{3-D Printed Haptic Devices for Educational Applications}}
}
      
@book{montessori_advanced_1917,
	title = {The {Advanced} {Montessori} {Method}},
	volume = {1},
	publisher = {Frederick A. Stokes Company},
	author = {Montessori, Maria},
	year = {1917}
}
      
@book{papert1980,
   Author = {Papert, S.},
   Title = {Mindstorms: Children, Computers, and Powerful Ideas},
   Publisher = {Basic Books},
   Edition = {2nd},
      Year = {1980} }

@article{piaget_science_1970,
	title = {Science of {Education} and the {Psychology} of the {Child}},
	journal = {Orion},
	author = {Piaget, Jean},
	year = {1970}
}



@article{vark,
title = {Not Another Inventory, Rather a Catalyst for Reflection},
author = {Fleming, N.D. and Mills, C.},
year = {1992},
journal = {To Improve the Academy},
volume = {11},
page = {137}
}





@article{hart_1988,
author = {Hart, Sandra G. and Staveland, Lowell E.},
doi = {10.1016/S0166-4115(08)62386-9},
isbn = {0 444 70388 8},
issn = {01664115},
journal = {Advances in Psychology},
number = {C},
pages = {139--183},
pmid = {21357958},
title = {{Development of NASA-TLX (Task Load Index): Results of Empirical and Theoretical Research}},
volume = {52},
year = {1988}
}


@article{jones_1990,
author={Jones,L. A. and Hunter,I. W.},
year={1990},
title={A perceptual analysis of stiffness},
journal={Experimental brain research},
volume={79},
number={1},
pages={150}
}

@incollection{sato_haptic_2008,
	title = {A haptic virtual environment for molecular chemistry education},
	booktitle = {Transactions on edutainment {I}},
	publisher = {Springer},
	author = {Sato, Makoto and Liu, Xiangning and Murayama, Jun and Akahane, Katsuhito and Isshiki, Masaharu},
	year = {2008},
	pages = {28--39}
}

@article{wieman_phet:_2008,
	title = {{PhET}: {Simulations} that enhance learning},
	volume = {322},
	shorttitle = {{PhET}},
	journal = {Science},
	author = {Wieman, Carl E. and Adams, Wendy K. and Perkins, Katherine K.},
	year = {2008},
	pages = {682--683}
}

@article{williams_implementation_2004,
	title = {Implementation and evaluation of a haptic playback system},
	volume = {3},
	journal = {Haptics-e},
	author = {Williams, Robert L. and Srivastava, Mayank and Conaster, Robert and Howell, John N.},
	year = {2004},
	pages = {160--176}
}