@inproceedings{Gaver2012researchthroughdesign,
address = {New York, NY, USA},
author = {Gaver, William},
booktitle = {Proceedings of the SIGCHI Conference on Human Factors in Computing Systems},
doi = {10.1145/2207676.2208538},
file = {:Users/oliver/Dropbox/PDF Library/Gaver/2012/Gaver - 2012 - What Should We Expect from Research Through Design.pdf:pdf},
isbn = {978-1-4503-1015-4},
keywords = {annotation,philosophy of science,portfolios,research through design,theory},
pages = {937--946},
publisher = {ACM},
series = {CHI '12},
title = {{What Should We Expect from Research Through Design?}},
url = {http://doi.acm.org/10.1145/2207676.2208538},
year = {2012}
}
@article{Bayazit2004investigating,
author = {Bayazit, Nigan},
file = {:Users/oliver/Dropbox/PDF Library/Bayazit/2004/Bayazit - 2004 - Investigating design A review of forty years of design research.pdf:pdf},
journal = {Design issues},
number = {1},
pages = {16--29},
publisher = {MIT Press},
title = {{Investigating design: A review of forty years of design research}},
volume = {20},
year = {2004}
}
@article{Buchanan2001design,
author = {Buchanan, Richard},
file = {:Users/oliver/Dropbox/PDF Library/Buchanan/2001/Buchanan - 2001 - Design research and the new learning.pdf:pdf},
journal = {Design issues},
number = {4},
pages = {3--23},
publisher = {MIT Press},
title = {{Design research and the new learning}},
volume = {17},
year = {2001}
}
@article{Frayling1993research,
author = {Frayling, Christopher},
file = {:Users/oliver/Dropbox/PDF Library/Frayling/1993/Frayling - 1993 - Research in art and design(2).pdf:pdf},
journal = {Royal College of Art Research Papers},
number = {1},
pages = {1--5},
publisher = {Royal College of Art London},
title = {{Research in art and design}},
volume = {1},
year = {1993}
}
@inproceedings{Zimmerman2007rtd,
address = {New York, NY, USA},
author = {Zimmerman, John and Forlizzi, Jodi and Evenson, Shelley},
booktitle = {Proceedings of the SIGCHI Conference on Human Factors in Computing Systems},
doi = {10.1145/1240624.1240704},
file = {:Users/oliver/Dropbox/PDF Library/Zimmerman, Forlizzi, Evenson/2007/Zimmerman, Forlizzi, Evenson - 2007 - Research Through Design As a Method for Interaction Design Research in HCI.pdf:pdf},
isbn = {978-1-59593-593-9},
keywords = {HCI research,design,design method,design theory,interaction design,interaction design research,research through design,wicked problems},
pages = {493--502},
publisher = {ACM},
series = {CHI '07},
title = {{Research Through Design As a Method for Interaction Design Research in HCI}},
url = {http://doi.acm.org/10.1145/1240624.1240704},
year = {2007}
}
@inproceedings{Fallman2003designoriented,
address = {New York, NY, USA},
author = {Fallman, Daniel},
booktitle = {Proceedings of the SIGCHI Conference on Human Factors in Computing Systems},
doi = {10.1145/642611.642652},
file = {:Users/oliver/Dropbox/PDF Library/Fallman/2003/Fallman - 2003 - Design-oriented Human-computer Interaction.pdf:pdf},
isbn = {1-58113-630-7},
keywords = {design,design-orientation,design-oriented research,research-oriented design,sketching,theory},
pages = {225--232},
publisher = {ACM},
series = {CHI '03},
title = {{Design-oriented Human-computer Interaction}},
url = {http://doi.acm.org/10.1145/642611.642652},
year = {2003}
}
@inproceedings{Zimmerman2010,
address = {New York, New York, USA},
author = {Zimmerman, John and Stolterman, Erik and Forlizzi, Jodi},
booktitle = {{\ldots} of the 8th ACM Conference on {\ldots}},
doi = {10.1145/1858171.1858228},
file = {:Users/oliver/Dropbox/PDF Library/Zimmerman, Stolterman, Forlizzi/2010/Zimmerman, Stolterman, Forlizzi - 2010 - An analysis and critique of Research through Design towards a formalization of a research appro.pdf:pdf},
isbn = {9781450301039},
keywords = {HCI,Research through Design,design,design research,design theory,methodology},
mendeley-tags = {HCI,methodology},
month = {aug},
pages = {310--319},
publisher = {ACM Press},
title = {{An analysis and critique of Research through Design: towards a formalization of a research approach}},
url = {http://dl.acm.org/citation.cfm?id=1858171.1858228 http://dl.acm.org/citation.cfm?id=1858228},
year = {2010}
}
@article{Rittel1973dilemmas,
annote = {wicked problems},
author = {Rittel, Horst W J and Webber, Melvin M},
journal = {Policy sciences},
number = {2},
pages = {155--169},
publisher = {Springer},
title = {{Dilemmas in a general theory of planning}},
volume = {4},
year = {1973}
}
