@phdthesis{Swerdfeger2009thesis,
  title={A First and Second Longitudinal Study of Haptic Icon Learnability},
  author={Swerdfeger, Bradley Adam},
  year={2009},
  school={UNIVERSITY OF BRITISH COLUMBIA (Vancouver}
}
