@article{verrillo1992perception,
  title={Perception via the sense of touch},
    author={Verrillo, Ronald T and Gescheider, Georg A},
	  journal={Tactile aids for the hearing impaired},
	    pages={1--36},
		  year={1992},
		    publisher={London: Whurr Publishers}
}
